<record><leader>00000cas a22000007a 4500</leader><controlfield tag="001">34181074</controlfield><controlfield tag="008">960213d1915192uokuwr n       0    0eng d</controlfield><datafield ind1=" " ind2=" " tag="010"><subfield code="a">sn 96087507 </subfield></datafield><datafield ind1=" " ind2=" " tag="040"><subfield code="a">OBN</subfield><subfield code="b">eng</subfield><subfield code="c">OBN</subfield><subfield code="d">OCLCQ</subfield><subfield code="d">OCLCF</subfield><subfield code="d">OCLCO</subfield></datafield><datafield ind1="1" ind2=" " tag="029"><subfield code="a">AU@</subfield><subfield code="b">000025919703</subfield></datafield><datafield ind1=" " ind2=" " tag="042"><subfield code="a">msc</subfield></datafield><datafield ind1=" " ind2=" " tag="043"><subfield code="a">n-us-ok</subfield></datafield><datafield ind1="0" ind2=" " tag="130"><subfield code="a">Tri-County news (Mounds, Okla.)</subfield></datafield><datafield ind1="1" ind2="0" tag="245"><subfield code="a">Tri-County news.</subfield></datafield><datafield ind1=" " ind2=" " tag="260"><subfield code="a">Mounds, Creek County, Okla. :</subfield><subfield code="b">Howard Nesbitt</subfield></datafield><datafield ind1=" " ind2=" " tag="300"><subfield code="a">v.</subfield></datafield><datafield ind1=" " ind2=" " tag="310"><subfield code="a">Weekly</subfield></datafield><datafield ind1="0" ind2=" " tag="362"><subfield code="a">Vol. 5, no. 42 (Jan. 15, 1915)-</subfield></datafield><datafield ind1=" " ind2="0" tag="651"><subfield code="a">Mounds (Okla.)</subfield><subfield code="v">Newspapers.</subfield></datafield><datafield ind1=" " ind2="0" tag="651"><subfield code="a">Creek County (Okla.)</subfield><subfield code="v">Newspapers.</subfield></datafield><datafield ind1=" " ind2="7" tag="655"><subfield code="a">Newspapers.</subfield><subfield code="2">fast</subfield><subfield code="0">(OCoLC)fst01423814</subfield></datafield><datafield ind1=" " ind2="7" tag="651"><subfield code="a">Oklahoma</subfield><subfield code="z">Creek County.</subfield><subfield code="2">fast</subfield><subfield code="0">(OCoLC)fst01221598</subfield></datafield><datafield ind1=" " ind2="7" tag="651"><subfield code="a">Oklahoma</subfield><subfield code="z">Mounds.</subfield><subfield code="2">fast</subfield><subfield code="0">(OCoLC)fst01865931</subfield></datafield><datafield ind1=" " ind2=" " tag="752"><subfield code="a">United States</subfield><subfield code="b">Oklahoma</subfield><subfield code="c">Creek</subfield><subfield code="d">Mounds.</subfield></datafield><datafield ind1="0" ind2="0" tag="780"><subfield code="t">Mounds signal</subfield><subfield code="w">(DLC)sn 96087506</subfield><subfield code="w">(OCoLC)34180901</subfield></datafield><datafield ind1="0" ind2="4" tag="785"><subfield code="t">County democrat-news</subfield><subfield code="w">(DLC)sn 96087539</subfield><subfield code="w">(OCoLC)34203759</subfield></datafield></record>